@book{deeplearningbook,
    title={Deep Learning},
    author={Ian Goodfellow and Yoshua Bengio and Aaron Courville},
    publisher={MIT Press},
    year={2016}
}

@book{bishop,
 author = {Bishop, Christopher M.},
 title = {Pattern Recognition and Machine Learning (Information Science and Statistics)},
 year = {2006},
 isbn = {0387310738},
 publisher = {Springer-Verlag},
 address = {Berlin, Heidelberg},
}

@article{omniglot,
  title={Human-level concept learning through probabilistic program induction},
  author={Lake, Brenden M and Salakhutdinov, Ruslan and Tenenbaum, Joshua B},
  journal={Science},
  volume={350},
  number={6266},
  pages={1332--1338},
  year={2015},
  publisher={American Association for the Advancement of Science}
}

@article{mehtacomp,
  title={A high-bias, low-variance introduction to machine learning for physicists},
  author={Mehta, Pankaj and Bukov, Marin and Wang, Ching-Hao and Day, Alexandre GR and Richardson, Clint and Fisher, Charles K and Schwab, David J},
  journal={arXiv preprint arXiv:1803.08823},
  note={\url{https://arxiv.org/pdf/1803.08823.pdf}},
  urldate={2018-11-05},
  year={2018}
}

@article{sklearn,
 title={Scikit-learn: Machine Learning in {P}ython},
 author={Pedregosa, F. and Varoquaux, G. and Gramfort, A. and Michel, V.
         and Thirion, B. and Grisel, O. and Blondel, M. and Prettenhofer, P.
         and Weiss, R. and Dubourg, V. and Vanderplas, J. and Passos, A. and
         Cournapeau, D. and Brucher, M. and Perrot, M. and Duchesnay, E.},
 journal={Journal of Machine Learning Research},
 volume={12},
 pages={2825--2830},
 year={2011}
}

@Misc{numpy,
  author = {Travis Oliphant},
  title = {{NumPy}: A guide to {NumPy}},
  year = {2006},
  howpublished = {USA: Trelgol Publishing},
  url = "http://www.numpy.org/",
  urldate = {2019-01-09}
 }
 
@misc{tensorflow,
title={ {TensorFlow}: Large-Scale Machine Learning on Heterogeneous Systems},
url={https://www.tensorflow.org/},
note={Software available from tensorflow.org},
author={
    Marin~Abadi and
    Ashish~Agarwal and
    Paul~Barham and
    Eugene~Brevdo and
    Zhifeng~Chen and
    Craig~Citro and
    Greg~S.~Corrado and
    Andy~Davis and
    Jeffrey~Dean and
    Matthieu~Devin and
    Sanjay~Ghemawat and
    Ian~Goodfellow and
    Andrew~Harp and
    Geoffrey~Irving and
    Michael~Isard and
    Yangqing Jia and
    Rafal~Jozefowicz and
    Lukasz~Kaiser and
    Manjunath~Kudlur and
    Josh~Levenberg and
    Dandelion~Man\'{e} and
    Rajat~Monga and
    Sherry~Moore and
    Derek~Murray and
    Chris~Olah and
    Mike~Schuster and
    Jonathon~Shlens and
    Benoit~Steiner and
    Ilya~Sutskever and
    Kunal~Talwar and
    Paul~Tucker and
    Vincent~Vanhoucke and
    Vijay~Vasudevan and
    Fernanda~Vi\'{e}gas and
    Oriol~Vinyals and
    Pete~Warden and
    Martin~Wattenberg and
    Martin~Wicke and
    Yuan~Yu and
    Xiaoqiang~Zheng},
  year={2015},
}

@InProceedings{maml,
  title = 	 {Model-Agnostic Meta-Learning for Fast Adaptation of Deep Networks},
  author = 	 {Chelsea Finn and Pieter Abbeel and Sergey Levine},
  booktitle = 	 {Proceedings of the 34th International Conference on Machine Learning},
  pages = 	 {1126--1135},
  year = 	 {2017},
  editor = 	 {Doina Precup and Yee Whye Teh},
  volume = 	 {70},
  series = 	 {Proceedings of Machine Learning Research},
  address = 	 {International Convention Centre, Sydney, Australia},
  month = 	 {8},
  publisher = 	 {PMLR},
  pdf = 	 {http://proceedings.mlr.press/v70/finn17a/finn17a.pdf},
  url = 	 {http://proceedings.mlr.press/v70/finn17a.html},
}

@article{reptile,
  title={On first-order meta-learning algorithms},
  author={Nichol, Alex and Achiam, Joshua and Schulman, John},
  journal={arXiv preprint arXiv:1803.02999},
  year={2018}
}

@article{unsup-maml-rand,
  title={Unsupervised Meta-Learning For Few-Shot Image and Video Classification},
  author={Khodadadeh, Siavash and B{\"o}l{\"o}ni, Ladislau and Shah, Mubarak},
  journal={arXiv preprint arXiv:1811.11819},
  year={2018}
}

@article{unsup-maml,
  title={Unsupervised learning via meta-learning},
  author={Hsu, Kyle and Levine, Sergey and Finn, Chelsea},
  journal={arXiv preprint arXiv:1810.02334},
  year={2018}
}

@article{finn2018probabilistic,
  title={Probabilistic Model-Agnostic Meta-Learning},
  author={Finn, Chelsea and Xu, Kelvin and Levine, Sergey},
  journal={arXiv preprint arXiv:1806.02817},
  year={2018}
}

@incollection{NIPS2018_7963,
    title = {Bayesian Model-Agnostic Meta-Learning},
    author = {Yoon, Jaesik and Kim, Taesup and Dia, Ousmane and Kim, Sungwoong and Bengio, Yoshua and Ahn, Sungjin},
    booktitle = {Advances in Neural Information Processing Systems 31},
    editor = {S. Bengio and H. Wallach and H. Larochelle and K. Grauman and N. Cesa-Bianchi and R. Garnett},
    pages = {7343--7353},
    year = {2018},
    publisher = {Curran Associates, Inc.},
    url = {http://papers.nips.cc/paper/7963-bayesian-model-agnostic-meta-learning.pdf}
}

@inproceedings{gradcam,
  title={Grad-cam: Visual explanations from deep networks via gradient-based localization},
  author={Selvaraju, Ramprasaath R and Cogswell, Michael and Das, Abhishek and Vedantam, Ramakrishna and Parikh, Devi and Batra, Dhruv},
  booktitle={Proceedings of the IEEE International Conference on Computer Vision},
  pages={618--626},
  year={2017}
}


@inproceedings{domainrand,
  title={Domain randomization for transferring deep neural networks from simulation to the real world},
  author={Tobin, Josh and Fong, Rachel and Ray, Alex and Schneider, Jonas and Zaremba, Wojciech and Abbeel, Pieter},
  booktitle={2017 IEEE/RSJ International Conference on Intelligent Robots and Systems (IROS)},
  pages={23--30},
  year={2017},
  organization={IEEE}
}

@inproceedings{domainrandcars,
  title={Training deep networks with synthetic data: Bridging the reality gap by domain randomization},
  author={Tremblay, Jonathan and Prakash, Aayush and Acuna, David and Brophy, Mark and Jampani, Varun and Anil, Cem and To, Thang and Cameracci, Eric and Boochoon, Shaad and Birchfield, Stan},
  booktitle={Proceedings of the IEEE Conference on Computer Vision and Pattern Recognition Workshops},
  pages={969--977},
  year={2018}
}


@inproceedings{cropandpaste,
  title={Cut, paste and learn: Surprisingly easy synthesis for instance detection},
  author={Dwibedi, Debidatta and Misra, Ishan and Hebert, Martial},
  booktitle={Proceedings of the IEEE International Conference on Computer Vision},
  pages={1301--1310},
  year={2017}
}

@inproceedings{matching,
  title={Matching networks for one shot learning},
  author={Vinyals, Oriol and Blundell, Charles and Lillicrap, Timothy and Wierstra, Daan and others},
  booktitle={Advances in neural information processing systems},
  pages={3630--3638},
  year={2016}
}

@inproceedings{santoro,
  title={Meta-learning with memory-augmented neural networks},
  author={Santoro, Adam and Bartunov, Sergey and Botvinick, Matthew and Wierstra, Daan and Lillicrap, Timothy},
  booktitle={International conference on machine learning},
  pages={1842--1850},
  year={2016}
}

@inproceedings{prototypical,
  title={Prototypical networks for few-shot learning},
  author={Snell, Jake and Swersky, Kevin and Zemel, Richard},
  booktitle={Advances in Neural Information Processing Systems},
  pages={4077--4087},
  year={2017}
}

@article{transferlearning,
  title={A survey of transfer learning},
  author={Weiss, Karl and Khoshgoftaar, Taghi M and Wang, DingDing},
  journal={Journal of Big Data},
  volume={3},
  number={1},
  pages={9},
  year={2016},
  publisher={Nature Publishing Group}
}

@article{goodsynthetic,
  title={What makes good synthetic training data for learning disparity and optical flow estimation?},
  author={Mayer, Nikolaus and Ilg, Eddy and Fischer, Philipp and Hazirbas, Caner and Cremers, Daniel and Dosovitskiy, Alexey and Brox, Thomas},
  journal={International Journal of Computer Vision},
  volume={126},
  number={9},
  pages={942--960},
  year={2018},
  publisher={Springer}
}

@inproceedings{domainrandpose,
  title={Implicit 3d orientation learning for 6d object detection from rgb images},
  author={Sundermeyer, Martin and Marton, Zoltan-Csaba and Durner, Maximilian and Brucker, Manuel and Triebel, Rudolph},
  booktitle={Proceedings of the European Conference on Computer Vision (ECCV)},
  pages={699--715},
  year={2018}
}

@article{structureddomainrandomization,
  title={Structured Domain Randomization: Bridging the Reality Gap by Context-Aware Synthetic Data},
  author={Prakash, Aayush and Boochoon, Shaad and Brophy, Mark and Acuna, David and Cameracci, Eric and State, Gavriel and Shapira, Omer and Birchfield, Stan},
  journal={arXiv preprint arXiv:1810.10093},
  year={2018}
}

@article{multi-task-learning,
  title={A survey on multi-task learning},
  author={Zhang, Yu and Yang, Qiang},
  journal={arXiv preprint arXiv:1707.08114},
  year={2017}
}

@InProceedings{text-detection,
author = {Gupta, Ankush and Vedaldi, Andrea and Zisserman, Andrew},
title = {Synthetic Data for Text Localisation in Natural Images},
booktitle = {The IEEE Conference on Computer Vision and Pattern Recognition (CVPR)},
month = {6},
year = {2016}
} 

@inproceedings{imagenet,
  title={Imagenet: A large-scale hierarchical image database},
  author={Deng, Jia and Dong, Wei and Socher, Richard and Li, Li-Jia and Li, Kai and Fei-Fei, Li},
  booktitle={2009 IEEE conference on computer vision and pattern recognition},
  pages={248--255},
  year={2009},
  organization={Ieee}
}

@article{squeezenet,
  title={SqueezeNet: AlexNet-level accuracy with 50x fewer parameters and< 0.5 MB model size},
  author={Iandola, Forrest N and Han, Song and Moskewicz, Matthew W and Ashraf, Khalid and Dally, William J and Keutzer, Kurt},
  journal={arXiv preprint arXiv:1602.07360},
  year={2016}
}


@inproceedings{tinyssd,
  title={Tiny ssd: A tiny single-shot detection deep convolutional neural network for real-time embedded object detection},
  author={Womg, Alexander and Shafiee, Mohammad Javad and Li, Francis and Chwyl, Brendan},
  booktitle={2018 15th Conference on Computer and Robot Vision (CRV)},
  pages={95--101},
  year={2018},
  organization={IEEE}
}

@inproceedings{siamese,
  title={Siamese neural networks for one-shot image recognition},
  author={Koch, Gregory and Zemel, Richard and Salakhutdinov, Ruslan},
  booktitle={ICML deep learning workshop},
  volume={2},
  year={2015}
}

@InProceedings{object-detection-synth,
author = {Peng, Xingchao and Sun, Baochen and Ali, Karim and Saenko, Kate},
title = {Learning Deep Object Detectors From 3D Models},
booktitle = {The IEEE International Conference on Computer Vision (ICCV)},
month = {12},
year = {2015}
} 

@inproceedings{synth-face,
  title={3D face reconstruction by learning from synthetic data},
  author={Richardson, Elad and Sela, Matan and Kimmel, Ron},
  booktitle={2016 Fourth International Conference on 3D Vision (3DV)},
  pages={460--469},
  year={2016},
  organization={IEEE}
}

@InProceedings{flying-chairs,
    author = {Dosovitskiy, Alexey and Fischer, Philipp and Ilg, Eddy and Hausser, Philip and Hazirbas, Caner and Golkov, Vladimir and van der Smagt, Patrick and Cremers, Daniel and Brox, Thomas},
    title = {FlowNet: Learning Optical Flow With Convolutional Networks},
    booktitle = {The IEEE International Conference on Computer Vision (ICCV)},
    month = {12},
    year = {2015}
} 

@inproceedings{cnn-features,
  title={CNN features off-the-shelf: an astounding baseline for recognition},
  author={Sharif Razavian, Ali and Azizpour, Hossein and Sullivan, Josephine and Carlsson, Stefan},
  booktitle={Proceedings of the IEEE conference on computer vision and pattern recognition workshops},
  pages={806--813},
  year={2014}
}
@article{batchnorm,
  title={Batch normalization: Accelerating deep network training by reducing internal covariate shift},
  author={Ioffe, Sergey and Szegedy, Christian},
  journal={arXiv preprint arXiv:1502.03167},
  year={2015}
}

@inproceedings{meta-networks,
  title={Meta networks},
  author={Munkhdalai, Tsendsuren and Yu, Hong},
  booktitle={Proceedings of the 34th International Conference on Machine Learning-Volume 70},
  pages={2554--2563},
  year={2017},
  organization={JMLR. org}
}

@incollection{understand-batchnorm,
title = {Understanding Batch Normalization},
author = {Bjorck, Nils and Gomes, Carla P and Selman, Bart and Weinberger, Kilian Q},
booktitle = {Advances in Neural Information Processing Systems 31},
editor = {S. Bengio and H. Wallach and H. Larochelle and K. Grauman and N. Cesa-Bianchi and R. Garnett},
pages = {7694--7705},
year = {2018},
publisher = {Curran Associates, Inc.},
url = {http://papers.nips.cc/paper/7996-understanding-batch-normalization.pdf}
}
